% This file was created with JabRef 2.10.
% Encoding: MacRoman


@Book{Ackley1987,
  Title                    = {A connectionist machine for genetic hillclimbing},
  Author                   = {D. H. Ackley},
  Publisher                = {Kluwer},
  Year                     = {1987},

  Address                  = {Boston}
}

 @misc{ wiki:xxx,
   author = "Wikipedia",
   title = "LaTeX --- Wikipedia{,} The Free Encyclopedia",
   year = "2015",
   url = "\url{http://en.wikipedia.org/w/index.php?title=LaTeX&oldid=413720397}",
   note = "[Online; accessed 17-February-2015]"
 }