% This file was created with JabRef 2.10.
% Encoding: UTF8


@TechReport{paper:modaclouds-deliverable,
  Title                    = {MODACloudML package on data partition and replication},
  Author                   = {Elisabetta Di Nitto{,} Marco Scavuzzo{,} Michele Ciavotta{,} Fabio Arcidiacono},
  Institution              = {Politecnico di Milano},
  Year                     = {2014},
  Month                    = {September},

  Url                      = {http://www.modaclouds.eu/wp-content/uploads/2012/09/MODAClouds_D4.4.2_MODACloudMLPackageOnDataPartitionAndReplicationInitialVersion.pdf}
}

@TechReport{paper:bigtable,
  Title                    = {Bigtable: A Distributed Storage System for Structured Data},
  Author                   = {Fay Chang{,} Jeffrey Dean{,} Sanjay Ghemawat{,} Wilson C. Hsieh{,} Deborah A. Wallach{,} Mike Burrows{,} Tushar Chandra{,} Andrew Fikes{,} Robert E. Gruber},
  Institution              = {Google},
  Year                     = {2006},

  Url                      = {http://static.googleusercontent.com/media/research.google.com/it//archive/bigtable-osdi06.pdf}
}

@Misc{online:sqlifying-nosql,
  Title                    = {SQLifying NoSQL – Are ORM tools relevant to NoSQL?},

  Author                   = {Amresh Kumar},
  HowPublished             = {\url{http://recipes4geeks.com/2012/08/sqlifying-nosql-are-orm-tools-relevant-to-nosql/}},
  Month                    = {August},
  Note                     = {[Online]},
  Year                     = {2012},

  Type                     = {Blog},
  Url                      = {http://recipes4geeks.com/2012/08/sqlifying-nosql-are-orm-tools-relevant-to-nosql/}
}

@MastersThesis{thesis:cpim,
  Title                    = {Un approccio per lo sviluppo di applicazioni portabili per sistemi di cloud computing},
  Author                   = {Filippo Giove{,} Davide Longoni},
  School                   = {Politecnico di Milano},
  Year                     = {2012},

  Url                      = {http://dinitto.faculty.polimi.it/wp-content/uploads/tesi.pdf}
}

@Book{book:projpa2,
  Title                    = {Pro JPA 2},
  Author                   = {Keith Mike{,} Schincariol Merrick},
  Publisher                = {Apress},
  Year                     = {2013},

  Address                  = {Berkely, CA, USA},
  Edition                  = {2nd},

  ISBN                     = {1430249269, 9781430249269}
}

@TechReport{paper:sos-platform,
  Title                    = {Uniform access to non-relational database systems: the SOS platform},
  Author                   = {Paolo Atzeni{,} Francesca Bugiotti{,} Luca Rossi},
  Institution              = {Universit\`{a} Roma Tre},
  Year                     = {2012},

  Url                      = {http://www.dia.uniroma3.it/~atzeni/psfiles/CAiSE2012Atzeni.pdf}
}

@MastersThesis{thesis:marco,
  Title                    = {Interoperable data migration between NoSQL columnar databases},
  Author                   = {Marco Scavuzzo},
  School                   = {Politecnico di Milano},
  Year                     = {2013},

  Url                      = {http://dinitto.faculty.polimi.it/wp-content/uploads/MarcoScavuzzo.pdf}
}

@Misc{online:objectify,
  Title                    = {Objectify},

  Author                   = {Jeff Schnitzer},
  HowPublished             = {\url{https://code.google.com/p/objectify-appengine/wiki/IntroductionToObjectify}},
  Note                     = {[Online]},

  Url                      = {https://code.google.com/p/objectify-appengine/wiki/IntroductionToObjectify}
}

@TechReport{paper:ycsb,
  Title                    = {Benchmarking Cloud Serving Systems with YCSB},
  Author                   = {Brian F. Cooper{,} Adam Silberstein{,} Erwin Tam{,} Raghu Ramakrishnan{,} Russell Sears},
  Institution              = {Yahoo! Research},
  Year                     = {2010},

  Url                      = {https://www.cs.duke.edu/courses/fall13/compsci590.4/838-CloudPapers/ycsb.pdf}
}

@Misc{online:spring-data-overview,
  Title                    = {Spring Data – One API To Rule Them All?},

  Author                   = {Tobias Trelle},
  HowPublished             = {\url{http://www.infoq.com/articles/spring-data-intro}},
  Month                    = {August},
  Note                     = {[Online, Accessed 14 March 2015]},
  Year                     = {2012},

  Url                      = {http://www.infoq.com/articles/spring-data-intro}
}

@Misc{online:unql-dead,
  Title                    = {Is UNQL Dead?},

  Author                   = {Claudius Weinberger},
  HowPublished             = {\url{https://www.arangodb.com/2012/04/07/is_unql_dead}},
  Month                    = {April},
  Note                     = {[Online]},
  Year                     = {2012},

  Type                     = {Blog},
  Url                      = {https://www.arangodb.com/2012/04/07/is_unql_dead}
}

@Misc{online:azuretable,
  Title                    = {Azure Table Storage},
  HowPublished             = {\url{http://azure.microsoft.com/en-us/documentation/articles/storage-java-how-to-use-table-storage}},
  Note                     = {[Online]},

  Url                      = {http://azure.microsoft.com/en-us/documentation/articles/storage-java-how-to-use-table-storage/}
}

@Misc{online:datastore,
  Title                    = {Google App Engine Datastore},
  HowPublished             = {\url{https://cloud.google.com/datastore/docs/concepts/overview}},
  Note                     = {[Online]},

  Url                      = {https://cloud.google.com/datastore/docs/concepts/overview}
}

@Misc{online:googlejpa,
  Title                    = {Using JPA with App Engine},
  HowPublished             = {\url{https://cloud.google.com/appengine/docs/java/datastore/jpa/overview}},
  Note                     = {[Online]},

  Url                      = {https://cloud.google.com/appengine/docs/java/datastore/jpa/overview}
}

@Misc{online:nosql-database.org,
  Title                    = {nosql-database.org},
  HowPublished             = {\url{http://nosql-database.org/}},
  Note                     = {[Online, Accessed 14 March 2015]},

  Url                      = {http://nosql-database.org/}
}

@Misc{online:apache-phoenix,
  Title                    = {Apache Phoenix},
  HowPublished             = {\url{http://phoenix.apache.org/index.html}},
  Note                     = {[Online]},
  Year                     = {2014},

  Url                      = {http://phoenix.apache.org/index.html}
}

@Misc{online:spring-data,
  Title                    = {Spring Data},
  HowPublished             = {\url{http://projects.spring.io/spring-data/}},
  Note                     = {[Online]},
  Year                     = {2013},

  Url                      = {http://projects.spring.io/spring-data/}
}

@Misc{online:apache-gora,
  Title                    = {Apache Gora},
  HowPublished             = {\url{http://gora.apache.org/index.html}},
  Note                     = {[Online]},
  Year                     = {2012},

  Url                      = {http://gora.apache.org/index.html}
}

@Misc{online:playorm,
  Title                    = {PlayORM},
  HowPublished             = {\url{http://buffalosw.com/products/playorm}},
  Note                     = {[Online]},
  Year                     = {2012},

  Url                      = {http://buffalosw.com/products/playorm/}
}

@Misc{online:unql,
  Title                    = {UnQL},
  HowPublished             = {\url{http://unql.sqlite.org/}},
  Note                     = {[Online]},
  Year                     = {2011},

  Url                      = {http://unql.sqlite.org/}
}

@Misc{online:kundera,
  Title                    = {Kundera},
  HowPublished             = {\url{https://github.com/impetus-opensource/Kundera}},
  Note                     = {[Online]},
  Year                     = {2010},

  Url                      = {https://github.com/impetus-opensource/Kundera}
}
